@misc{lc-sys,
url = "https://leetcode.com/explore/learn/card/system-design/688/introduction-to-system-design/4418/",
title="Introduction to System Design"
}

@misc{lc-high,
url = "https://leetcode.com/explore/learn/card/system-design/688/introduction-to-system-design/4382/",
title="Introduction to High Level Design"
}